<?xml version="1.0" encoding="UTF-8"?><record xmlns="http://www.loc.gov/MARC21/slim" xmlns:cinclude="http://apache.org/cocoon/include/1.0" xmlns:zs="http://www.loc.gov/zing/srw/">
  <leader>01019nz  a2200241n  4500</leader>
  <controlfield tag="001">no 97072427 </controlfield>
  <controlfield tag="003">DLC</controlfield>
  <controlfield tag="005">19971217053317.5</controlfield>
  <controlfield tag="008">971216n| acaaaaaa|          |a ana     c</controlfield>
  <datafield tag="010" ind1=" " ind2=" ">
    <subfield code="a">no 97072427 </subfield>
  </datafield>
  <datafield tag="035" ind1=" " ind2=" ">
    <subfield code="a">(OCoLC)oca04555125 </subfield>
  </datafield>
  <datafield tag="040" ind1=" " ind2=" ">
    <subfield code="a">ViU</subfield>
    <subfield code="c">ViU</subfield>
  </datafield>
  <datafield tag="130" ind1=" " ind2="0">
    <subfield code="a">Profiles of Finland.</subfield>
    <subfield code="p">Teaching monographs</subfield>
  </datafield>
  <datafield tag="410" ind1="2" ind2="0">
    <subfield code="a">Helsingin yliopisto.</subfield>
    <subfield code="b">Lahden tutkimus- ja koulutuskeskus.</subfield>
    <subfield code="t">Profiles of Finland.</subfield>
    <subfield code="p">Teaching monographs</subfield>
  </datafield>
  <datafield tag="430" ind1=" " ind2="0">
    <subfield code="a">Profiles of Finland study program</subfield>
  </datafield>
  <datafield tag="430" ind1=" " ind2="0">
    <subfield code="a">Profiles of Finland study materials</subfield>
  </datafield>
  <datafield tag="430" ind1=" " ind2="0">
    <subfield code="a">Suomi-kurssi oppimateriaalit</subfield>
  </datafield>
  <datafield tag="642" ind1=" " ind2=" ">
    <subfield code="a">no. 19</subfield>
    <subfield code="5">ViU</subfield>
  </datafield>
  <datafield tag="643" ind1=" " ind2=" ">
    <subfield code="a">Helsinki</subfield>
    <subfield code="b">University of Helsinki, Lahti Research and Training Ccentre</subfield>
  </datafield>
  <datafield tag="644" ind1=" " ind2=" ">
    <subfield code="a">f</subfield>
    <subfield code="5">ViU</subfield>
  </datafield>
  <datafield tag="645" ind1=" " ind2=" ">
    <subfield code="a">t</subfield>
    <subfield code="5">ViU</subfield>
  </datafield>
  <datafield tag="646" ind1=" " ind2=" ">
    <subfield code="a">s</subfield>
    <subfield code="5">ViU</subfield>
  </datafield>
  <datafield tag="670" ind1=" " ind2=" ">
    <subfield code="a">Austerity and prosperity, c1992:</subfield>
    <subfield code="b">verso t.p. (Profiles of Finland - a study program. Teaching monographs) p. 4 of cover (part of the Profiles of Finalnd study program) series list on p. 207 (Suomi-kurssi oppimateriaalit = Profiles of Finland study materials)</subfield>
  </datafield>
</record>